<?xml version="1.0" encoding="UTF-8"?><collection xmlns="http://www.loc.gov/MARC21/slim"><record><leader>00460nam--2200133-i-4500</leader><controlfield tag="001">000014418</controlfield><controlfield tag="002">20161230</controlfield><controlfield tag="005">20161230201030</controlfield><controlfield tag="008">060222s1000------------r-----000-0-eng-d</controlfield><datafield ind1=" " ind2=" " tag="080"><subfield code="a">681.3.06(043)</subfield></datafield><datafield ind1=" " ind2=" " tag="100"><subfield code="a">Biewald ,Joachim</subfield></datafield><datafield ind1=" " ind2=" " tag="245"><subfield code="a">Rechnergestutzte arstellung der dokumentation des funktions-und softwareentwurfs von prozess automatisierungssystemen.dissertation</subfield></datafield><datafield ind1=" " ind2=" " tag="260"><subfield code="a">Stuttgart,Fakultat Elektrotechnik Der Universi Tat ,1962. 131p</subfield></datafield><datafield ind1=" " ind2=" " tag="852"><subfield code="a">70902</subfield></datafield></record></collection>